% This file was created with JabRef 2.10.
% Encoding: UTF-8

@Article{Alfradique2009,
  Title                    = {{Interna{\c{c}}{\~{o}}es por condi{\c{c}}{\~{o}}es sens{\'{i}}veis {\`{a}} aten{\c{c}}{\~{a}}o prim{\'{a}}ria: a constru{\c{c}}{\~{a}}o da lista brasileira como ferramenta para medir o desempenho do sistema de sa{\'{u}}de (Projeto ICSAP - Brasil)}},
  Author                   = {Alfradique, Maria Elmira and Bonolo, Palmira de F{\'{a}}tima and Dourado, In{\^{e}}s and Lima-Costa, Maria Fernanda and Macinko, James and Mendon{\c{c}}a, Claunara Schilling and Oliveira, Veneza Berenice and Sampaio, Lu{\'{i}}s Fernando Rolim and de Simoni, Carmen and Turci, Maria Aparecida},
  Journal                  = {Cadernos de Sa{\'{u}}de P{\'{u}}blica},
  Year                     = {2009},
  Month                    = {jun},
  Number                   = {6},
  Pages                    = {1337--1349},
  Volume                   = {25},
  Doi                      = {10.1590/S0102-311X2009000600016},
  ISSN                     = {0102-311X},
  Url                      = {https://www.scielo.br/j/csp/a/y5n975h7b3yW6ybnk6hJwft/?lang=pt}
}

@Article{Billings1996,
  Title                    = {{Recent findings on preventable hospitalizations.}},
  Author                   = {Billings, J and Anderson, G M and Newman, L S},
  Journal                  = {Health Aff (Millwood)},
  Year                     = {1996},
  Number                   = {3},
  Pages                    = {239--249},
  Volume                   = {15},
  Pmid                     = {8854530}
}

@article{Billings1990,
  author = {Billings, John and Teicholz, Nina},
  doi = {10.1377/hlthaff.9.4.158},
  issn = {0278-2715},
  journal = {Health Affairs (Millwood)},
  number = {4},
  pages = {158--165},
  pmid = {2289752},
  title = {{Uninsured Patients In District Of Columbia Hospitals}},
  volume = {9},
  year = {1990}
}

@Article{Bindman2008a,
  Title                    = {{Medicaid Re-Enrollment Policies and Children's Risk of Hospitalizations for Ambulatory Care Sensitive Conditions}},
  Author                   = {Bindman, Andrew B and Chattopadhyay, Arpita and Auerback, Glenna M},
  Year                     = {2008},
  Number                   = {10},
  Pages                    = {1049--1054},
  Volume                   = {46},
  Keywords                 = {1049,1054,2 barriers to low-income,46,ambulatory,care sensitive conditions,health insurance coverage,med care 2008,medicaid,person,s access to primary,tween}
}

@Misc{MS2008lista,
  Title                    = {{Portaria Nº 221, de 17 de abril de 2008.}},
  Author                   = {{Brasil. Minist{\'{e}}rio da Sa{\'{u}}de. Secretaria de Aten{\c{c}}{\~{a}}o {\`{a}} Sa{\'{u}}de}},
  Year                     = {2008},
  Abstract                 = {Publica a Lista Brasileira de Interna{\c{c}}{\~{o}}es por Condi{\c{c}}{\~{o}}es Sens{\'{i}}veis {\`{a}} Aten{\c{c}}{\~{a}}o Prim{\'{a}}ria},
  Booktitle                = {Di{\'{a}}rio Oficial da Uni{\~{a}}o},
  Keywords                 = {Condi{\c{c}}{\~{o}}es sens{\'{i}}veis {\`{a}} APS,Hospitaliza{\c{c}}{\~{a}}o,Legisla{\c{c}}{\~{a}}o do SUS},
  Pages                    = {70},
  Publisher                = {Minist{\'{e}}rio da Sa{\'{u}}de},
  Url                      = {http://dtr2001.saude.gov.br/sas/PORTARIAS/Port2008/PT-221.htm}
}


@misc{DATASUSftp,
author = {DATASUS},
title = {{SIHSUS -- Arquivos públicos}},
url = {ftp://ftp.datasus.gov.br/dissemin/publicos/SIHSUS/}
}

@misc{DATASUShtml,
author = {DATASUS},
title = {{Transfer{\^{e}}ncia de arquivos}},
url = {http://datasus.saude.gov.br/informacoes-de-saude/servicos2/transferencia-de-arquivos}
}

@Misc{DATASUSpop2015,
  Title                    = {{Popula{\c{c}}{\~{a}}o residente, 2015}},
  Author                   = {DATASUS},
  Booktitle                = {Notas t{\'{e}}cnicas},
  Url                      = {http://tabnet.datasus.gov.br/cgi/deftohtm.exe?novapop/cnv/popbr.def},
}

@Misc{DATASUSpop,
  Title                    = {{Popula{\c{c}}{\~{a}}o residente}, opções de tabulação on-line},
  Author                   = {DATASUS},
  Booktitle                = {Notas t{\'{e}}cnicas},
  Url                      = {http://www2.datasus.gov.br/DATASUS/index.php?area=0206&id=6942},
}

@Misc{DATASUSpopftp,
  Title                    = {{Popula{\c{c}}{\~{a}}o residente}, arquivos públicos},
  Author                   = {DATASUS},
  Url                      = {ftp://ftp.datasus.gov.br/dissemin/publicos/IBGE/POP/},
}

@Article{Dourado2011,
  Title                    = {{Trends in primary health care-sensitive conditions in Brazil: the role of the Family Health Program (Project ICSAP-Brazil).}},
  Author                   = {Dourado, In{\^{e}}s and Oliveira, Veneza B and Aquino, Rosana and Bonolo, Palmira and Lima-Costa, Maria Fernanda and Medina, Maria Guadalupe and Mota, Eduardo and Turci, Maria A and Macinko, James},
  Journal                  = {Medical care},
  Year                     = {2011},
  Month                    = {jun},
  Number                   = {6},
  Pages                    = {577--584},
  Volume                   = {49},
  Doi                      = {10.1097/MLR.0b013e31820fc39f},
  ISBN                     = {1537-1948},
  ISSN                     = {1537-1948},
  Pmid                     = {21430576},
  Url                      = {http://www.ncbi.nlm.nih.gov/pubmed/21430576}
}


@Misc{IBGEpop,
  Title                    = {{Estimativas da popula{\c{c}}{\~{a}}o residente no Brasil e Unidades da Federa{\c{c}}{\~{a}}o com data de refer{\^{e}}ncia em 1º de julho de 2018.}},
  Author                   = {{IBGE. Diretoria de Pesquisas - DPE. Coordena{\c{c}}{\~{a}}o de Popula{\c{c}}{\~{a}}o e Indicadores Sociais - COPIS.}},
  Url                      = {ftp://ftp.ibge.gov.br/Estimativas_de_Populacao/Estimativas_2018/estimativa_dou_2018_20181019.xls},
}



@Manual{csapAIHreadme,
    title = {{csapAIH: Classificar Condições Sensíveis à Atenção Primária. Readme.}},
    author = {Nedel, F{\'{u}}lvio Borges},
    year = {2019},
    note = {versão 0.0.3},
    url = {https://github.com/fulvionedel/csapAIH/blob/master/README.md}
}

@Misc{csapAIH3,
    title = {{csapAIH: Classificar Condições Sensíveis à Atenção Primária. Manual.}},
    author = {Nedel, F{\'{u}}lvio Borges},
    year = {2019},
    version = {v.0.0.3},
    note = {R package version 0.0.3},
    url = {https://sourceforge.net/projects/csapaih/files/csapAIH_0.0.3.pdf/download}
}

@article{Nedel2017,
author = {Nedel, F{\'{u}}lvio Borges},
doi = {10.5123/S1679-49742017000100021},
issn = {1679-4974},
journal = {{Epidemiologia e Servi{\c{c}}os de Sa{\'{u}}de}},
keywords = {csapaih-ress},
number = {01},
pages = {199--209},
title = {{csapAIH: uma fun{\c{c}}{\~{a}}o para a classifica{\c{c}}{\~{a}}o das condi{\c{c}}{\~{o}}es sens{\'{i}}veis {\`{a}} aten{\c{c}}{\~{a}}o prim{\'{a}}ria no programa estat{\'{i}}stico R}},
url = {http://revista.iec.gov.br/template{\_}doi{\_}ess.php?doi=10.5123/S1679-49742017000100199{\&}scielo=S2237-96222017000100199},
volume = {26},
year = {2017}
}

@article{Nedel2019,
author = {Nedel, F{\'{u}}lvio Borges},
doi = {10.5123/S1679-49742019000200021},
issn = {1679-4974},
journal = {Epidemiologia e Servi{\c{c}}os de Sa{\'{u}}de},
month = {sep},
number = {2},
pages = {e2019084},
publisher = {Secretaria de Vigil{\^{a}}ncia em Sa{\'{u}}de - Minist{\'{e}}rio da Sa{\'{u}}de do Brasil},
title = {{Pacote csapAIH: a Lista Brasileira de Interna{\c{c}}{\~{o}}es por Condi{\c{c}}{\~{o}}es Sens{\'{i}}veis {\`{a}} Aten{\c{c}}{\~{a}}o Prim{\'{a}}ria no programa R}},
url = {http://www.scielo.br/scielo.php?script=sci{\_}arttext{\&}pid=S2237-96222019000201100{\&}lng=pt{\&}nrm=iso{\&}tlng=pt},
volume = {28},
year = {2019}
}

@incollection{Nedel2016,
  address = {Quito, Ecuador},
  author = {Nedel, F{\'{u}}lvio B},
  booktitle = {Medicina Familiar: reflexiones desde la pr{\'{a}}ctica},
  chapter = {11},
  editor = {{Bedoya Vaca}, Rita},
  isbn = {978-9942-8604-1-5},
  pages = {303--328},
  publisher = {Ministerio de Salud P{\'{u}}blica / Organizaci{\'{o}}n Panamericana de la Salud},
  title = {{Evaluaci{\'{o}}n del impacto de la atenci{\'{o}}n primaria}},
  url = {https://www.paho.org/ecu/index.php?option=com{\_}docman{\&}view=download{\&}category{\_}slug=salud-familiar-y-comunitaria{\&}alias=696-medicina-familiar-reflexiones-desde-la-practica{\&}Itemid=599},
  year = {2016}
}

@Article{Nedel2011,
  Title                    = {{Conceptual and methodological aspects in the study of hospitalizations for ambulatory care sensitive conditions}},
  Author                   = {Nedel, F{\'{u}}lvio Borges and Facchini, Luiz Augusto and Bastos, Jo{\~{a}}o Luiz and Mart{\'{i}}n, Miguel},
  Journal                  = {Ci{\^{e}}ncia {\&} Sa{\'{u}}de Coletiva},
  Year                     = {2011},
  Number                   = {Suppl 1},
  Pages                    = {1145--1154},
  Volume                   = {16},
  Keywords                 = {Ambulatory Care,Brazil,Hospitalization,Humans,family health,health care,health systems,hos-,hospitaliza{\c{c}}{\~{a}}o por condi{\c{c}}{\~{o}}es,outcome assessment,pital information systems,primary health care,program,resumo as taxas de},
  Pmid                     = {21503462},
  Url                      = {http://www.scielo.br/scielo.php?pid=S1413-81232011000700046{\&}script=sci{\_}arttext}
}

@Article{Nedel2010a,
  Title    = {{Caracter{\'{i}}sticas da aten{\c{c}}{\~{a}}o b{\'{a}}sica associadas ao risco de internar por condi{\c{c}}{\~{o}}es sens{\'{i}}veis {\`{a}} aten{\c{c}}{\~{a}}o prim{\'{a}}ria: revis{\~{a}}o sistem{\'{a}}tica da literatura}},
  Author   = {Nedel, F{\'{u}}lvio Borges and Facchini, Luiz Augusto and Mart{\'{i}}n, Miguel and Navarro, Albert},
  Journal  = {Epidemiologia e Servi{\c{c}}os de Sa{\'{u}}de},
  Year     = {2010},
  Month    = {mar},
  Number   = {1},
  Pages    = {61--75},
  Volume   = {19},
  Doi      = {10.5123/S1679-49742010000100008},
  ISSN     = {1679-4974},
  Url      = {http://scielo.iec.pa.gov.br/scielo.php?script=sci{\_}arttext{\&}pid=S1679-49742010000100008{\&}lng=pt{\&}nrm=.pf scielo.iec.pa.gov.br/scielo.php?script=sci{\_}arttext{\&}pid=S1679-49742010000100008{\&}lng=en{\&}nrm=iso{\&}tlng=en}
}

@Article{Nedel2008,
  Title                    = {{Programa Sa{\'{u}}de da Fam{\'{i}}lia e condi{\c{c}}{\~{o}}es sens{\'{i}}veis {\`{a}} aten{\c{c}}{\~{a}}o prim{\'{a}}ria, Bag{\'{e}} (RS)}},
  Author                   = {Nedel, F{\'{u}}lvio Borges and Facchini, Luiz Augusto and Mart{\'{i}}n-Mateo, Miguel and Vieira, L{\'{u}}cia Azambuja Saraiva and Thum{\'{e}}, Elaine},
  Journal                  = {Rev Saude Publica},
  Year                     = {2008},
  Number                   = {6},
  Pages                    = {1041--52},
  Volume                   = {42},
  Url                      = {http://www.scielosp.org/pdf/rsp/v42n6/6420.pdf}
}

@Article{Nedel2008-en,
  Title                    = {{Family Health Program and ambulatory care-sensitive conditions in Southern Brazil.}},
  Author                   = {Nedel, F{\'{u}}lvio Borges and Facchini, Luiz Augusto and Mart{\'{i}}n-Mateo, Miguel and Vieira, L{\'{u}}cia Azambuja Saraiva and Thum{\'{e}}, Elaine},
  Journal                  = {Rev Saude Publica},
  Year                     = {2008},
  Month                    = {dec},
  Number                   = {6},
  Pages                    = {1041--1052},
  Volume                   = {42},
  ISBN                     = {0034-8910},
  ISSN                     = {1518-8787 (Electronic)},
  Keywords                 = {Ambulatory Care,Brazil,Primary Health Care},
  Language                 = {eng},
  Pmid                     = {19009161},
  Url                      = {http://www.ncbi.nlm.nih.gov/pubmed/19009161}
}

@phdthesis{NedelTese,
author = {Nedel, F{\'{u}}lvio Borges},
keywords = {NedelTese},
pages = {279},
title = {{Interna{\c{c}}{\~{o}}es hospitalares evit{\'{a}}veis pela aten{\c{c}}{\~{a}}o prim{\'{a}}ria: estudo do impacto do Programa Sa{\'{u}}de da Fam{\'{\i}}lia sobre as interna{\c{c}}{\~{o}}es por Condi{\c{c}}{\~{o}}es Sens{\'{\i}}veis {\`{a}} Aten{\c{c}}{\~{a}}o Prim{\'{a}}ria no Rio Grande do Sul, Brasil.}},
year = {2009},
school = {Universidade Federal de Pelotas - UFPel},
address = {Pelotas, RS}
}

@book{OPS2014,
address = {Washington},
author = {{Organizaci{\'{o}}n Panamericana de la Salud (OPS)}},
editor = {OPS},
month = {oct},
title = {{Compendio de indicadores del impacto y resultados intermedios. Plan estrat{\'{e}}gico de la OPS 2014-2019: "En pro de la salud: Desarrollo sostenible y equidad"}},
year = {2014}
}

@Manual{readdbc,
    title = {read.dbc: Read Data Stored in DBC (Compressed DBF) Files},
    author = {Daniela Petruzalek},
    year = {2016},
    note = {R package version 1.0.5},
    url = {https://CRAN.R-project.org/package=read.dbc}
}

@article{Petruzalek2016,
  author = {Petruzalek, Daniela},
  journal = {J. health inform},
  number = {supl.1},
  pages = {601--605},
  title = {{READ. DBC:  um pacote para importa{\c{c}}{\~{a}}o de dados do datasus na linguagem R}},
  url = {http://pesquisa.bvsalud.org/brasil/resource/pt/biblio-906543},
  volume = {8},
  year = {2016}
}


@Misc{brpopref,
    title = {brpop: Brazilian Population Estimatives},
    author = {Raphael Saldanha},
    year = {2022},
    note = {R package version 0.1.5},
    url = {https://CRAN.R-project.org/package=brpop},
  }

@Misc{Saldanha,
    title = {microdatasus: Download and preprocess DataSUS files},
    author = {Saldanha, Raphael de Freitas},
    year = {2019},
    note = {R package version 0.2},
    url = {https://github.com/rfsaldanha/microdatasus},
  }

@article{Saldanha2019,
author = {Saldanha, Raphael de Freitas and Bastos, Ronaldo Rocha and Barcellos, Christovam},
doi = {10.1590/0102-311x00032419},
journal = {Cadernos de Sa{\'{u}}de P{\'{u}}blica},
number = {9},
pages = {e00032419},
title = {{Microdatasus: pacote para download e pr{\'{e}}-processamento de microdados do Departamento de Inform{\'{a}}tica do SUS (DATASUS)}},
url = {http://www.scielo.br/scielo.php?script=sci{\_}arttext{\&}pid=S0102-311X2019001104001{\&}tlng=pt},
volume = {35},
year = {2019}
}


@article{Sarmento2015,
  author = {Sarmento, Jo{\~{a}}o and Alves, Concei{\c{c}}{\~{a}}o and Oliveira, Paula and Sebasti{\~{a}}o, Rita and Santana, Rui},
  issn = {16460758},
  journal = {Acta Medica Portuguesa},
  keywords = {Ambulatory Care,Hospitalization Outcome and Process Assessment (He,Portugal},
  number = {5},
  pages = {590--600},
  pmid = {26667862},
  title = {{Caracteriza{\c{c}}{\~{a}}o e Evolu{\c{c}}{\~{a}}o dos Internamentos Evit{\'{a}}veis em Portugal: Impacto de Duas Abordagens Metodol{\'{o}}gicas}},
  volume = {28},
  year = {2015}
}


@article{Mendonca2017,
  author = {Mendon{\c{c}}a, Claunara Schilling and Leotti, Vanessa Bielefeldt and Dias-da-Costa, Juvenal Soares and Harzheim, Erno},
  doi = {10.1093/heapol/czx103},
  issn = {0268-1080},
  journal = {Health Policy and Planning},
  keywords = {socioeconomic factors},
  month = {dec},
  number = {10},
  pages = {1368--1374},
  publisher = {Oxford University Press},
  title = {{Hospitalizations for primary care sensitive conditions: association with  socioeconomic status and quality of family health teams in Belo Horizonte, Brazil}},
  url = {http://academic.oup.com/heapol/article/32/10/1368/4102845},
  volume = {32},
  year = {2017}
}

@incollection{Mendonca2018,
  address = {Rio de Janeiro},
  author = {Mendon{\c{c}}a, Claunara Schilling and Nedel, F{\'{u}}lvio Borges and Batista, Sandro Rodrigues and Medina, Maria Guadalupe},
  booktitle = {Aten{\c{c}}{\~{a}}o Prim{\'{a}}ria {\`{a}} Sa{\'{u}}de no Brasil: conceitos, pr{\'{a}}ticas e pesquisa},
  chapter = {18},
  editor = {{Magalhães de Mondonça}, Maria Helena and Matta, Gustavo Corrêa and Gondim, Roberta and Giovanella, Lígia},
  pages = {527--568},
  publisher = {FIOCRUZ},
  title = {{A utiliza{\c{c}}{\~{a}}o do indicador Interna{\c{c}}{\~{o}}es por Condi{\c{c}}{\~{o}}es Sens{\'{i}}veis {\`{a}} Aten{\c{c}}{\~{a}}o Prim{\'{a}}ria no Brasil}},
  year = {2018}
}


@Article{Schouta,
  Title                    = {{Do registro ao indicador: gest{\~{a}}o da produ{\c{c}}{\~{a}}o da informa{\c{c}}{\~{a}}o assistencial nos hospitais From records to indicators: the management of health care information production in hospitals}},
  Author                   = {Schout, Denise and Maria, Hillegonda and Novaes, Dutilh},
  Pages                    = {935--944}
}

@article{Weissman1992,
  author = {Weissman, Joel S. and Gatsonis, Constantine and Epstein, Arnold M.},
  doi = {10.1001/jama.1992.03490170060026},
  isbn = {0098-7484 (Print) 0098-7484 (Linking)},
  issn = {15383598},
  journal = {JAMA: The Journal of the American Medical Association},
  number = {17},
  pages = {2388--2394},
  pmid = {1404795},
  title = {{Rates of Avoidable Hospitalization by Insurance Status in Massachusetts and Maryland}},
  volume = {268},
  year = {1992}
}

